<?xml version="1.0" encoding="UTF-8"?><collection xmlns="http://www.loc.gov/MARC21/slim"><record><leader>00398nam--2200145-i-4500</leader><controlfield tag="001">000015776</controlfield><controlfield tag="002">20161230</controlfield><controlfield tag="005">20170211154242</controlfield><controlfield tag="008">060222s1000------------r-----000-0-eng-d</controlfield><datafield ind1=" " ind2=" " tag="245"><subfield code="a">Design of radioactive waste management systems at nuclear power plants</subfield></datafield><datafield ind1=" " ind2=" " tag="260"><subfield code="a">Vienna, Iaea, 1986</subfield><subfield code="b">Iaea</subfield><subfield code="c">1986</subfield></datafield><datafield ind1=" " ind2=" " tag="300"><subfield code="a">59 p</subfield></datafield><datafield ind1=" " ind2=" " tag="490"><subfield code="a">Safety Series</subfield></datafield><datafield ind1=" " ind2=" " tag="852"><subfield code="a">621.039.7</subfield></datafield><datafield ind1=" " ind2=" " tag="CAT"><subfield code="a">SYS</subfield><subfield code="c">20170211</subfield><subfield code="h">154242</subfield></datafield></record></collection>